<?xml version="1.0" encoding="UTF-8"?><collection xmlns="http://www.loc.gov/MARC21/slim"><record><leader>00642nam--2200181-u-4500</leader><controlfield tag="001">000055020</controlfield><controlfield tag="002">20161230</controlfield><controlfield tag="005">20161230201051</controlfield><controlfield tag="008">121022s1000------------r-----000-0-eng-d</controlfield><datafield ind1=" " ind2=" " tag="040"><subfield code="a">IFIN-HH</subfield></datafield><datafield ind1=" " ind2=" " tag="080"><subfield code="a">02</subfield></datafield><datafield ind1="1" ind2=" " tag="100"><subfield code="a">Katsirikou, Anthi</subfield></datafield><datafield ind1="1" ind2="0" tag="245"><subfield code="a">Selected papers from quantitative methods in libraries ; theory and appliatins</subfield><subfield code="b">Proceedings of the international conference on qqml2009, chania, crete, grece 26-29 may 2009</subfield><subfield code="c">Anthi katsirikou, christos h. skiadas (eds.)</subfield></datafield><datafield ind1=" " ind2=" " tag="260"><subfield code="a">New Jersey</subfield><subfield code="b">World Scientific</subfield><subfield code="c">2009</subfield></datafield><datafield ind1=" " ind2=" " tag="300"><subfield code="a">/PAG.DIF.</subfield></datafield><datafield ind1="1" ind2=" " tag="700"><subfield code="a">Skiadas, Christos H</subfield><subfield code="e">Ed</subfield></datafield><datafield ind1=" " ind2=" " tag="852"><subfield code="a">82346</subfield><subfield code="c">02</subfield></datafield><datafield ind1=" " ind2=" " tag="CAT"><subfield code="a">Sys</subfield><subfield code="c">20121022</subfield><subfield code="h">140206</subfield></datafield></record></collection>